@article{dhillon2007weighted,
  title={Weighted graph cuts without eigenvectors a multilevel approach},
  author={Dhillon, Inderjit S and Guan, Yuqiang and Kulis, Brian},
  journal={IEEE transactions on pattern analysis and machine intelligence},
  volume={29},
  number={11},
  pages={1944--1957},
  year={2007},
  publisher={IEEE}
}

@inproceedings{karypis1995analysis,
  title={Analysis of multilevel graph partitioning},
  author={Karypis, George and Kumar, Vipin},
  booktitle={Supercomputing'95: Proceedings of the 1995 ACM/IEEE conference on Supercomputing},
  pages={29--29},
  year={1995},
  organization={IEEE}
}

@article{belkin2004semi,
  title={Semi-supervised learning on Riemannian manifolds},
  author={Belkin, Mikhail and Niyogi, Partha},
  journal={Machine learning},
  volume={56},
  number={1-3},
  pages={209--239},
  year={2004},
  publisher={Springer}
}

@inproceedings{sindhwani2005linear,
  title={Linear manifold regularization for large scale semi-supervised learning},
  author={Sindhwani, Vikas and Niyogi, Partha and Belkin, Mikhail and Keerthi, Sathiya},
  booktitle={Proc. of the 22nd ICML Workshop on Learning with Partially Classified Training Data},
  volume={28},
  year={2005}
}

@inproceedings{zhou2004learning,
  title={Learning with local and global consistency},
  author={Zhou, Dengyong and Bousquet, Olivier and Lal, Thomas N and Weston, Jason and Sch{\"o}lkopf, Bernhard},
  booktitle={Advances in neural information processing systems},
  pages={321--328},
  year={2004}
}

@inproceedings{zhu2003semi,
  title={Semi-supervised learning using gaussian fields and harmonic functions},
  author={Zhu, Xiaojin and Ghahramani, Zoubin and Lafferty, John D},
  booktitle={Proceedings of the 20th International conference on Machine learning (ICML-03)},
  pages={912--919},
  year={2003}
}

@article{rosenfeld2017semi,
  title={Semi-supervised learning with competitive infection models},
  author={Rosenfeld, Nir and Globerson, Amir},
  journal={arXiv preprint arXiv:1703.06426},
  year={2017}
}

@inproceedings{perozzi2014deepwalk,
  title={Deepwalk: Online learning of social representations},
  author={Perozzi, Bryan and Al-Rfou, Rami and Skiena, Steven},
  booktitle={Proceedings of the 20th ACM SIGKDD international conference on Knowledge discovery and data mining},
  pages={701--710},
  year={2014}
}

@article{yang2016revisiting,
  title={Revisiting semi-supervised learning with graph embeddings},
  author={Yang, Zhilin and Cohen, William W and Salakhutdinov, Ruslan},
  journal={arXiv preprint arXiv:1603.08861},
  year={2016}
}

@inproceedings{duvenaud2015convolutional,
  title={Convolutional networks on graphs for learning molecular fingerprints},
  author={Duvenaud, David K and Maclaurin, Dougal and Iparraguirre, Jorge and Bombarell, Rafael and Hirzel, Timothy and Aspuru-Guzik, Al{\'a}n and Adams, Ryan P},
  booktitle={Advances in neural information processing systems},
  pages={2224--2232},
  year={2015}
}

@inproceedings{grover2016node2vec,
  title={node2vec: Scalable feature learning for networks},
  author={Grover, Aditya and Leskovec, Jure},
  booktitle={Proceedings of the 22nd ACM SIGKDD international conference on Knowledge discovery and data mining},
  pages={855--864},
  year={2016}
}

@inproceedings{cao2016deep,
  title={Deep neural networks for learning graph representations},
  author={Cao, Shaosheng and Lu, Wei and Xu, Qiongkai},
  booktitle={Thirtieth AAAI conference on artificial intelligence},
  year={2016}
}

@inproceedings{belkin2002laplacian,
  title={Laplacian eigenmaps and spectral techniques for embedding and clustering},
  author={Belkin, Mikhail and Niyogi, Partha},
  booktitle={Advances in neural information processing systems},
  pages={585--591},
  year={2002}
}

@article{levy2015improving,
  title={Improving distributional similarity with lessons learned from word embeddings},
  author={Levy, Omer and Goldberg, Yoav and Dagan, Ido},
  journal={Transactions of the Association for Computational Linguistics},
  volume={3},
  pages={211--225},
  year={2015},
  publisher={MIT Press}
}

@inproceedings{mikolov2013distributed,
  title={Distributed representations of words and phrases and their compositionality},
  author={Mikolov, Tomas and Sutskever, Ilya and Chen, Kai and Corrado, Greg S and Dean, Jeff},
  booktitle={Advances in neural information processing systems},
  pages={3111--3119},
  year={2013}
}

@inproceedings{henderson2011s,
  title={It's who you know: graph mining using recursive structural features},
  author={Henderson, Keith and Gallagher, Brian and Li, Lei and Akoglu, Leman and Eliassi-Rad, Tina and Tong, Hanghang and Faloutsos, Christos},
  booktitle={Proceedings of the 17th ACM SIGKDD international conference on Knowledge discovery and data mining},
  pages={663--671},
  year={2011}
}

@article{kipf2016semi,
  title={Semi-supervised classification with graph convolutional networks},
  author={Kipf, Thomas N and Welling, Max},
  journal={arXiv preprint arXiv:1609.02907},
  year={2016}
}

@inproceedings{schlichtkrull2018modeling,
  title={Modeling relational data with graph convolutional networks},
  author={Schlichtkrull, Michael and Kipf, Thomas N and Bloem, Peter and Van Den Berg, Rianne and Titov, Ivan and Welling, Max},
  booktitle={European Semantic Web Conference},
  pages={593--607},
  year={2018},
  organization={Springer}
}

@inproceedings{atwood2016diffusion,
  title={Diffusion-convolutional neural networks},
  author={Atwood, James and Towsley, Don},
  booktitle={Advances in neural information processing systems},
  pages={1993--2001},
  year={2016}
}

@article{bruna2013spectral,
  title={Spectral networks and locally connected networks on graphs},
  author={Bruna, Joan and Zaremba, Wojciech and Szlam, Arthur and LeCun, Yann},
  journal={arXiv preprint arXiv:1312.6203},
  year={2013}
}

@article{henaff2015deep,
  title={Deep convolutional networks on graph-structured data},
  author={Henaff, Mikael and Bruna, Joan and LeCun, Yann},
  journal={arXiv preprint arXiv:1506.05163},
  year={2015}
}

@inproceedings{seo2018structured,
  title={Structured sequence modeling with graph convolutional recurrent networks},
  author={Seo, Youngjoo and Defferrard, Micha{\"e}l and Vandergheynst, Pierre and Bresson, Xavier},
  booktitle={International Conference on Neural Information Processing},
  pages={362--373},
  year={2018},
  organization={Springer}
}

@article{fan2018combined,
  title={A combined network and machine learning approaches for product market forecasting},
  author={Fan, Jingfang and Cohen, Keren and Shekhtman, Louis M and Liu, Sibo and Meng, Jun and Louzoun, Yoram and Havlin, Shlomo},
  journal={arXiv preprint arXiv:1811.10273},
  year={2018}
}

@article{rosen2016topological,
  title={Topological similarity as a proxy to content similarity},
  author={Rosen, Yonatan and Louzoun, Yoram},
  journal={Journal of Complex Networks},
  volume={4},
  number={1},
  pages={38--60},
  year={2016},
  publisher={Oxford University Press}
}

@article{naaman2019edge,
  title={Edge sign prediction based on a combination of network structural topology and sign propagation},
  author={Naaman, Roi and Cohen, Keren and Louzoun, Yoram},
  journal={Journal of Complex Networks},
  volume={7},
  number={1},
  pages={54--66},
  year={2019},
  publisher={Oxford University Press}
}

@article{muchnik2007self,
  title={Self-emergence of knowledge trees: Extraction of the Wikipedia hierarchies},
  author={Muchnik, Lev and Itzhack, Royi and Solomon, Sorin and Louzoun, Yoram},
  journal={Physical Review E},
  volume={76},
  number={1},
  pages={016106},
  year={2007},
  publisher={APS}
}

@article{rosen2014directionality,
  title={Directionality of real world networks as predicted by path length in directed and undirected graphs},
  author={Rosen, Yonatan and Louzoun, Yoram},
  journal={Physica A: Statistical Mechanics and its Applications},
  volume={401},
  pages={118--129},
  year={2014},
  publisher={Elsevier}
}

@article{itzhack2007optimal,
  title={An optimal algorithm for counting network motifs},
  author={Itzhack, Royi and Mogilevski, Yelena and Louzoun, Yoram},
  journal={Physica A: Statistical Mechanics and its Applications},
  volume={381},
  pages={482--490},
  year={2007},
  publisher={Elsevier}
}